% Encoding: UTF-8

@Book{Gogu2008,
  title     = {Structural Synthesis of Parallel Robots, Part 1: Methodology},
  publisher = {Springer},
  year      = {2008},
  author    = {Gogu, Grigore},
  volume    = {866},
  series    = {Solid Mechanics and Its Applications},
}

@Book{Merlet2006,
  title     = {Parallel Robots},
  publisher = {Springer Science \& Business Media},
  year      = {2006},
  author    = {Merlet, Jean-Pierre},
  volume    = {128},
  series    = {Solid Mechanics and Its Applications},
  edition   = {2nd},
}

@Conference{1_SchapplerTapOrt2019,
  author    = {Schappler, M. and Tappe, S. and Ortmaier, T.},
  title     = {Resolution of Functional Redundancy for 3T2R Robot Tasks using Two Sets of Reciprocal Euler Angles},
  booktitle = {Proc. of the 15th IFToMM World Congress},
  year      = {2019},
  note      = {accepted for publication},
  timestamp = {2015.06.05},
}

@Comment{jabref-meta: databaseType:bibtex;}
